
@article{korf_artificial_1999,
	title = {Artificial intelligence search algorithms},
	journaltitle = {Citeseer},
	author = {Korf, Richard},
	date = {1999},
}

@online{barry_gdpr_2019,
	title = {{GDPR} and Advertising – the Impact So Far - {AdWorld}.ie},
	url = {https://www.adworld.ie/2019/07/18/gdpr-and-advertising-the-impact-so-far/},
	titleaddon = {adworld.ie},
	type = {Industry News},
	author = {Barry, Stephanie},
	urldate = {2021-02-05},
	date = {2019-07-28},
}

@online{davies_personalization_2018,
	title = {'Personalization diminished': In the {GDPR} era, contextual targeting is making a comeback - Digiday},
	url = {https://digiday.com/media/personalization-diminished-gdpr-era-contextual-targeting-making-comeback/},
	titleaddon = {Digiday},
	type = {News},
	author = {Davies, Jessice},
	urldate = {2021-02-05},
	date = {2018-06-07},
}

@article{satariano_google_2019,
	title = {Google Is Fined \$57 Million Under Europe’s Data Privacy Law - The New York Times},
	url = {https://www.nytimes.com/2019/01/21/technology/google-europe-gdpr-fine.html},
	journaltitle = {New York Times},
	author = {Satariano, Adam},
	urldate = {2021-02-05},
	date = {2019-01-21},
}


@artwork{fanbyte_contributor_quesh_nodate,
	title = {Quesh ({TOR} Planet) :: Wiki :: World of Warcraft :: {ZAM}},
	rights = {Non-commercial use},
	url = {https://wow.allakhazam.com/wiki/Quesh_%28TOR_Planet%29},
	author = {fanbyte contributor},
	urldate = {2021-02-05},
}

@artwork{pngegg_contributor_chewbacca_nodate,
	title = {Chewbacca Han Solo Millennium Falcon Wookieepedia, falcon, angle, electronics png},
	rights = {Non-commercial use},
	url = {https://www.pngegg.com/en/png-zxblj},
	author = {{PNGEGG} contributor},
	urldate = {2021-02-05},
}

@artwork{pngegg_contributor_space_nodate,
	title = {Space Universe Galaxy, The vast, stars, atmosphere png},
	rights = {Non-commercial use},
	url = {https://www.pngegg.com/en/png-bqnty},
	author = {{PNGEGG} contributor},
	urldate = {2021-02-05},
}

@artwork{pngegg_contributor_star_nodate,
	title = {Star Wars Episode {VII} Rey Daisy Ridley Kylo Ren Hollywood, jedi, star Wars Episode {VII}, arm png},
	rights = {Non-commercial use},
	url = {https://www.pngegg.com/en/png-xiive},
	author = {{PNGEGG} contributor},
	urldate = {2021-02-05},
}

@artwork{pngegg_contributor_kylo_nodate,
	title = {Kylo Ren Luke Skywalker Rey Star Wars sequel trilogy, microphone, star Wars Episode {VII} png},
	rights = {Non-commercial use},
	url = {https://www.pngegg.com/en/png-mtnfh},
	author = {{PNGEGG} contributor},
	urldate = {2021-02-05},
}

@artwork{pngegg_contributor_supreme_nodate,
	title = {Supreme Leader Snoke Kylo Ren Wookieepedia Star Wars First Order, coat stand, star Wars Episode {VII}, sith png},
	rights = {Non-commercial use},
	url = {https://www.pngegg.com/en/png-doffy},
	author = {{PNGEGG} contributor},
	urldate = {2021-02-05},
}


@article{european_parliament_general_2016,
	title = {General Data Protection Regulation ({GDPR})},
	volume = {59},
	issn = {1977-0677},
	url = {https://gdpr-info.eu/},
	pages = {89, 132},
	number = {119},
	journaltitle = {Official Journal of the European Union},
	author = {European Parliament and Council of the European union},
	urldate = {2021-02-05},
	date = {2016-05-04},
}

@article{european_parliament_general_2018,
	title = {General Data Protection Regulation ({GDPR})},
	volume = {61},
	issn = {1977-0677},
	url = {https://gdpr-info.eu/},
	pages = {1, 2 ,6, 7},
	number = {127},
	journaltitle = {Official Journal of the European Union},
	author = {European Parliament and Council of the European union},
	urldate = {2021-02-05},
	date = {2018-05-23},
}